@article{Demarcating,
	author = {Kolomenkin, Michael and Shimshoni, Ilan and Tal, Ayellet},
	title = {Demarcating Curves for Shape Illustration},
	journal = {ACM Trans. Graph.},
	issue_date = {December 2008},
	volume = {27},
	number = {5},
	month = dec,
	year = {2008},
	issn = {0730-0301},
	pages = {157:1--157:9},
	articleno = {157},
	numpages = {9},
	url = {http://doi.acm.org/10.1145/1409060.1409110},
	doi = {10.1145/1409060.1409110},
	acmid = {1409110},
	publisher = {ACM},
	address = {New York, NY, USA},
} 

@BOOK (FolDamFeiHug93,
	AUTHOR = {Foley, James D. and van Dam, Andries and
		Feiner, Stephen K. and Hughes, John F. and Phillips, R.},
	TITLE = {Introduction to Computer Graphics},
	PUBLISHER = {Addison-Wesley},
	YEAR = {1993} )

@ARTICLE{Pastor2003,
  author = {Oscar Ernesto Meruvia Pastor and Bert Freudenberg and Thomas Strothotte},
  title = {Real-Time Animated Stippling},
  journal = {IEEE Computer Graphics and Applications},
  volume = {23},
  pages = {62--68},
  number = {4},
  year = {2003}
}

@INPROCEEDINGS{Praun2001,
  author = {Emil Praun and Hugues Hoppe and Matthew Webb and Adam Finkelstein},
  title = {Real-Time Hatching},
  booktitle = {SIGGRAPH '01: Computer Graphics Proceedings},
  year = {2001},
  editor = {Eugene Fiume},
  pages = {579--584},
  url = {citeseer.ist.psu.edu/article/praun01realtime.html},
}

